@article{Anderson:2005jw,
author = {Anderson, Eric C},
title = {{An efficient monte carlo method for estimating Ne from temporally spaced samples using a coalescent-based likelihood}},
journal = {Genetics},
year = {2005},
volume = {170},
number = {2},
pages = {955--967},
month = jun
}

@article{Bank:2014hx,
author = {Bank, Claudia and Ewing, Gregory B and Ferrer-Admettla, Anna and Foll, Matthieu and Jensen, Jeffrey D},
title = {{Thinking too positive? Revisiting current methods of population genetic selection inference}},
journal = {Trends in Genetics},
year = {2014},
volume = {30},
number = {12},
pages = {540--546},
month = dec
}

@article{Barghi:2019gw,
author = {Barghi, Neda and Schl{\"o}tterer, Christian},
title = {{Shifting the paradigm in Evolve and Resequence studies: from analysis of single nucleotide polymorphisms to selected haplotype blocks.}},
journal = {Molecular ecology},
year = {2019},
volume = {28},
number = {3},
pages = {521--524},
month = feb
}

@article{Barton:1998dl,
author = {Barton, N H},
title = {{The effect of hitch-hiking on neutral genealogies}},
journal = {Genetics Research},
year = {1998},
volume = {72},
number = {2},
pages = {123--133},
month = oct
}

@article{Barton:2000fg,
author = {Barton, N H},
title = {{Genetic hitchhiking.}},
journal = {Philosophical Transactions of the Royal Society B: Biological sciences},
year = {2000},
volume = {355},
number = {1403},
pages = {1553--1562},
month = nov
}

@article{Bazin:2010dv,
author = {Bazin, Eric and Dawson, Kevin J and Beaumont, Mark A},
title = {{Likelihood-free inference of population structure and local adaptation in a Bayesian hierarchical model.}},
journal = {Genetics},
year = {2010},
volume = {185},
number = {2},
pages = {587--602},
month = jun
}

@article{Beaumont:2002ue,
author = {Beaumont, Mark A and Zhang, Wenyang and Balding, D J},
title = {{Approximate Bayesian computation in population genetics.}},
journal = {Genetics},
year = {2002},
volume = {162},
number = {4},
pages = {2025--2035},
month = dec
}

@article{Beaumont:2003jv,
author = {Beaumont, Mark A},
title = {{Estimation of population growth or decline in genetically monitored populations.}},
journal = {Genetics},
year = {2003},
volume = {164},
number = {3},
pages = {1139--1160},
month = jul
}

@article{Beaumont:2010gg,
author = {Beaumont, Mark  A.},
title = {{Approximate Bayesian computation in evolution and ecology}},
journal = {Annual Review of Ecology, Evolution and Systematics},
year = {2010},
volume = {41},
pages = {379--406}
}

@article{Beichman:2018bx,
author = {Beichman, Annabel C and Huerta-Sanchez, Emilia and Lohmueller, Kirk E},
title = {{Using genomic data to infer historic population dynamics of nonmodel organisms}},
journal = {Annual Review of Ecology, Evolution, and Systematics},
year = {2018},
volume = {49},
number = {1},
pages = {433--456}
}

@article{Blum:2013ke,
author = {Blum, M G B and Nunes, M A and Prangle, D and Sisson, S A},
title = {{A comparative review of dimension reduction methods in Approximate Bayesian Computation}},
journal = {Statistical Science},
year = {2013},
volume = {28},
number = {2},
pages = {189--208},
month = may
}

@article{Bollback:2008br,
author = {Bollback, Jonathan P and York, Thomas L and Nielsen, Rasmus},
title = {{Estimation of 2Nes from temporal allele frequency data.}},
journal = {Genetics},
year = {2008},
volume = {179},
number = {1},
pages = {497--502},
month = may
}

@article{Breiman:2001fb,
author = {Breiman, Leo},
title = {{Random Forests}},
journal = {Machine Learning},
year = {2001},
volume = {45},
number = {1},
pages = {5--32}
}

@article{BrunicheOlsen:2016ev,
author = {Br{\"u}niche-Olsen, Anna and Austin, Jeremy J and Jones, Menna E and Holland, Barbara R and Burridge, Christopher P},
title = {{Detecting selection on temporal and spatial scales: a genomic time-series assessment of selective responses to devil facial tumor disease.}},
journal = {PLoS Genetics},
year = {2016},
volume = {11},
number = {3},
pages = {e0147875}
}

@article{Buffalo:2020hq,
author = {Buffalo, Vince and Coop, Graham},
title = {{Estimating the genome-wide contribution of selection to temporal allele frequency change}},
journal = {Proceedings of the National Academy of Sciences of the United States of America},
year = {2020},
volume = {2},
pages = {201919039},
month = aug
}

@article{Buffalo:2019ab,
author = {Buffalo, Vince and Coop, Graham},
title = {{The linked selection signature of rapid adaptation in temporal genomic data}},
journal = {Genetics},
year = {2019},
volume = {213},
number = {3},
pages = {1007--1045},
month = oct
}

@article{Calfee:2020hd,
author = {Calfee, Erin and Agra, Marcelo Nicol{\'a}s and Palacio, Mar{\'\i}a Alejandra and Ramirez, Santiago R and Coop, Graham},
title = {{Selection and hybridization shaped the rapid spread of African honey bee ancestry in the Americas}},
journal = {PLoS Genetics},
year = {2020},
volume = {16},
number = {10},
pages = {e1009038},
month = oct
}

@article{Casillas:2017jv,
author = {Casillas, S{\`o}nia and Barbadilla, Antonio},
title = {{Molecular population genetics.}},
journal = {Genetics},
year = {2017},
volume = {205},
number = {3},
pages = {1003--1035},
month = mar
}

@article{Chan:2018ew,
author = {Chan, Jeffrey and Perrone, Valerio and Spence, Jeffrey P and Jenkins, Paul A and Mathieson, Sara and Song, Yun S},
title = {{A likelihood-free inference framework for population genetic data using exchangeable neural networks}},
journal = {arXiv},
year = {2018},
pages = {267211},
month = nov
}

@article{Charlesworth:2012ix,
author = {Charlesworth, Brian},
title = {{The effects of deleterious mutations on evolution at linked sites}},
journal = {Genetics},
year = {2012},
volume = {190},
number = {1},
pages = {5--22},
month = jan
}

@article{Cridland:2018fx,
author = {Cridland, Julie M and Ramirez, Santiago R and Dean, Cheryl A and Sciligo, Amber and Tsutsui, Neil D},
title = {{Genome sequencing of museum specimens reveals rapid changes in the genetic composition of honey bees in California.}},
journal = {Genome Biology and Evolution},
year = {2018},
volume = {10},
number = {2},
pages = {458--472},
month = feb
}

@article{Cridland:2017el,
author = {Cridland, Julie M and Tsutsui, Neil D and Ramirez, Santiago R},
title = {{The Complex Demographic History and Evolutionary Origin of the Western Honey Bee, Apis Mellifera.}},
journal = {Genome Biology and Evolution},
year = {2017},
volume = {9},
number = {2},
pages = {457--472},
month = feb
}

@article{Csillery:2010jd,
author = {Csill{\'e}ry, Katalin and Blum, Michael G B and Gaggiotti, Oscar E and Francois, Olivier},
title = {{Approximate Bayesian Computation (ABC) in practice.}},
journal = {Trends in Ecology and Evolution},
year = {2010},
volume = {25},
number = {7},
pages = {410--418},
month = jul
}

@article{Dehasque:2020ku,
author = {Dehasque, Marianne and {\'A}vila-Arcos, Mar{\'\i}a C and D{\'\i}ez-del-Molino, David and Fumagalli, Matteo and Guschanski, Katerina and Lorenzen, Eline D and Malaspinas, Anna-Sapfo and Marques-Bonet, Tomas and Martin, Michael D and Murray, Gemma G R and Papadopulos, Alexander S T and Therkildsen, Nina Overgaard and Wegmann, Daniel and Dal{\'e}n, Love and Foote, Andrew D},
title = {{Inference of natural selection from ancient DNA}},
journal = {Evolution Letters},
year = {2020},
volume = {29},
pages = {753--15},
month = mar
}

@article{Elsik:2014hf,
author = {Elsik, Christine G and Worley, Kim C and Bennett, Anna K and Beye, Martin and Camara, Francisco and Childers, Christopher P and de Graaf, Dirk C and Debyser, Griet and Deng, Jixin and Devreese, Bart and Elhaik, Eran and Evans, Jay D and Foster, Leonard J and Graur, Dan and Guigo, Roderic and {HGSC production teams} and Hoff, Katharina Jasmin and Holder, Michael E and Hudson, Matthew E and Hunt, Greg J and Jiang, Huaiyang and Joshi, Vandita and Khetani, Radhika S and Kosarev, Peter and Kovar, Christie L and Ma, Jian and Maleszka, Ryszard and Moritz, Robin F A and Munoz-Torres, Monica C and Murphy, Terence D and Muzny, Donna M and Newsham, Irene F and Reese, Justin T and Robertson, Hugh M and Robinson, Gene E and Rueppell, Olav and Solovyev, Victor and Stanke, Mario and Stolle, Eckart and Tsuruda, Jennifer M and Vaerenbergh, Matthias Van and Waterhouse, Robert M and Weaver, Daniel B and Whitfield, Charles W and Wu, Yuanqing and Zdobnov, Evgeny M and Zhang, Lan and Zhu, Dianhui and Gibbs, Richard A and {Honey Bee Genome Sequencing Consortium}},
title = {{Finding the missing honey bee genes: lessons learned from a genome upgrade.}},
journal = {BMC Genomics},
year = {2014},
volume = {15},
pages = {86},
month = jan
}

@article{Estoup:2012bx,
author = {Estoup, Arnaud and Lombaert, Eric and Marin, Jean-Michel and Guillemaud, Thomas and Pudlo, Pierre and Robert, Christian P and Cornuet, Jean Marie},
title = {{Estimation of demo-genetic model probabilities with Approximate Bayesian Computation using linear discriminant analysis on summary statistics.}},
journal = {Molecular Ecology Resources},
year = {2012},
volume = {12},
number = {5},
pages = {846--855},
month = sep
}

@article{Estoup:jj,
author = {Estoup, A and the, M Solignac Proceedings of and {1994}},
title = {{Precise assessment of the number of patrilines and of genetic relatedness in honeybee colonies}},
journal = {Proceedings of the Royal Society B},
year = {1994},
volume = {258},
pages = {1--7}
}

@article{Ewing:2010gg,
author = {Ewing, Gregory and Hermisson, Joachim},
title = {{MSMS: a coalescent simulation program including recombination, demographic structure and selection at a single locus.}},
journal = {Bioinformatics},
year = {2010},
volume = {26},
number = {16},
pages = {2064--2065},
month = aug
}

@article{Ewing:2016gv,
author = {Ewing, Gregory B and Jensen, Jeffrey D},
title = {{The consequences of not accounting for background selection in demographic inference.}},
journal = {Molecular Ecology},
year = {2016},
volume = {25},
number = {1},
pages = {135--141},
month = jan
}

@article{Ewens:1970ij,
author = {Ewens, W J},
title = {{Remarks on the substitutional load}},
journal = {Theoretical Population Biology},
year = {1970},
volume = {1},
number = {2},
pages = {129--139},
month = aug
}

@article{Fay:2000dl,
author = {Fay, Justin C and Wu, Chung-I},
title = {{Hitchhiking under positive darwinian selection}},
journal = {Genetics},
year = {2000},
volume = {155},
number = {3},
pages = {1405--1413},
month = jul
}

@article{Feder:2016bc,
author = {Feder, Alison F and Rhee, Soo-Yon and Holmes, Susan P and Shafer, Robert W and Petrov, Dmitri A and Pennings, Pleuni S},
title = {{More effective drugs lead to harder selective sweeps in the evolution of drug resistance in HIV-1.}},
journal = {eLife},
year = {2016},
volume = {5},
month = feb
}

@article{Feder:2014fe,
author = {Feder, Alison F and Kryazhimskiy, Sergey and Plotkin, Joshua B},
title = {{Identifying signatures of selection in genetic time series.}},
journal = {Genetics},
year = {2014},
volume = {196},
number = {2},
pages = {509--522},
month = feb
}

@article{Feder:2021bt,
author = {Feder, Alison F and Pennings, Pleuni S and Petrov, Dmitri A},
title = {{The clarifying role of time series data in the population genetics of HIV.}},
journal = {PLoS Genetics},
year = {2021},
volume = {17},
number = {1},
pages = {e1009050},
month = jan
}

@article{FerrerAdmetlla:2016jc,
author = {Ferrer-Admetlla, Anna and Leuenberger, Christoph and Jensen, Jeffrey D and Wegmann, Daniel},
title = {{An approximate markov model for the Wright-Fisher diffusion and its application to time series data.}},
journal = {Genetics},
year = {2016},
volume = {203},
number = {2},
pages = {831--846},
month = jun
}

@article{Fisher:1947jm,
author = {Fisher, R A and Ford, E B},
title = {{The spread of a gene in natural conditions in a colony of the moth Panaxia dominula L.}},
journal = {Heredity},
year = {1947},
volume = {1},
number = {2},
pages = {143--174},
month = oct
}

@article{Foll:2014kv,
author = {Foll, Matthieu and Poh, Yu-Ping and Renzette, Nicholas and Ferrer-Admetlla, Anna and Bank, Claudia and Shim, Hyunjin and Malaspinas, Anna-Sapfo and Ewing, Gregory and Liu, Ping and Wegmann, Daniel and Caffrey, Daniel R and Zeldovich, Konstantin B and Bolon, Daniel N and Wang, Jennifer P and Kowalik, Timothy F and Schiffer, Celia A and Finberg, Robert W and Jensen, Jeffrey D},
title = {{Influenza virus drug resistance: a time-sampled population genetics perspective.}},
journal = {PLoS Genetics},
year = {2014},
volume = {10},
number = {2},
pages = {e1004185},
month = feb
}

@article{Foll:2015ce,
author = {Foll, Matthieu and Shim, Hyunjin and Jensen, Jeffrey D},
title = {{WFABC: a Wright-Fisher ABC-based approach for inferring effective population sizes and selection coefficients from time-sampled data.}},
journal = {Molecular Ecology Resources},
year = {2015},
volume = {15},
number = {1},
pages = {87--98},
month = jan
}

@article{Frachon:2017fw,
author = {Frachon, L{\'e}a and Libourel, Cyril and Villoutreix, Romain and Carr{\`e}re, S{\'e}bastien and Glorieux, C{\'e}dric and Huard-Chauveau, Carine and Navascu{\'e}s, Miguel and Gay, Laur{\`e}ne and Vitalis, Renaud and Baron, Etienne and Amsellem, Laurent and Bouchez, Olivier and Vidal, Marie and LE CORRE, VAL{\'E}RIE and Roby, Dominique and Bergelson, Joy and Roux, Fabrice},
title = {{Intermediate degrees of synergistic pleiotropy drive adaptive evolution in ecological time}},
journal = {Nature Ecology {\&} Evolution},
year = {2017},
volume = {1},
number = {10},
pages = {1551--1561}
}

@article{Fraimout:2017jq,
author = {Fraimout, Antoine and Debat, Vincent and Fellous, Simon and Hufbauer, Ruth A and Foucaud, Julien and Pudlo, Pierre and Marin, Jean-Michel and Price, Donald K and Cattel, Julien and Chen, Xiao and Depr{\'a}, Marindia and Fran{\c c}ois Duyck, Pierre and Guedot, Christelle and Kenis, Marc and Kimura, Masahito T and Loeb, Gregory and Loiseau, Anne and Martinez-Sa{\~n}udo, Isabel and Pascual, Marta and Polihronakis Richmond, Maxi and Shearer, Peter and Singh, Nadia and Tamura, Koichiro and Xu{\'e}reb, Anne and Zhang, Jinping and Estoup, Arnaud},
title = {{Deciphering the routes of invasion of Drosophila suzukii by means of ABC Random Forest.}},
journal = {Molecular Biology and Evolution},
year = {2017},
volume = {34},
number = {4},
pages = {980--996},
month = apr
}

@article{Fraisse:2021gg,
author = {Fra{\"\i}sse, Christelle and Popovic, Iva and Mazoyer, Cl{\'e}ment and Spataro, Bruno and Delmotte, St{\'e}phane and Romiguier, Jonathan and LOIRE, ETIENNE and Simon, Alexis and Galtier, Nicolas and Duret, Laurent and Bierne, Nicolas and Vekemans, Xavier and Roux, Camille},
title = {{DILS: Demographic inferences with linked selection by using ABC.}},
journal = {Molecular Ecology Resources},
year = {2021},
month = jan
}

@article{Frazier:2018kq,
author = {Frazier, D T and Martin, G M and Robert, Christian P and Rousseau, J},
title = {{Asymptotic properties of approximate Bayesian computation}},
journal = {Biometrika},
year = {2018},
volume = {105},
number = {3},
pages = {593--607},
month = sep
}

@article{Gerrish:1998ui,
author = {Gerrish, P J and Lenski, R E},
title = {{The fate of competing beneficial mutations in an asexual population.}},
journal = {Genetica},
year = {1998},
volume = {102-103},
number = {1-6},
pages = {127--144}
}

@article{Goldringer:2004ei,
author = {Goldringer, Isabelle and Bataillon, Thomas},
title = {{On the distribution of temporal variations in allele frequency: consequences for the estimation of effective population size and the detection of loci undergoing selection.}},
journal = {Genetics},
year = {2004},
volume = {168},
number = {1},
pages = {563--568},
month = sep
}

@article{Gompert:2015hs,
author = {Gompert, Zachariah},
title = {{Bayesian inference of selection in a heterogeneous environment from genetic time-series data}},
journal = {Molecular Ecology},
year = {2015},
volume = {25},
number = {1},
pages = {121--134},
month = sep
}

@article{Haldane:1957ka,
author = {Haldane, J B S},
title = {{The cost of natural selection}},
journal = {Journal of Genetics},
year = {1957},
volume = {55},
number = {3},
pages = {511--524},
month = dec
}

@article{Haller:2017gm,
author = {Haller, Benjamin C and Messer, Philipp W},
title = {{SLiM 2: flexible, interactive forward genetic simulations.}},
journal = {Molecular Biology and Evolution},
year = {2017},
volume = {34},
number = {1},
pages = {230--240},
month = jan
}


@article{Haller:2019fd,
author = {Haller, Benjamin C and Galloway, Jared and Kelleher, Jerome and Messer, Philipp W and Ralph, Peter L},
title = {{Tree-sequence recording in SLiM opens new horizons for forward-time simulation of whole genomes.}},
journal = {Molecular Ecology Resources},
year = {2019},
volume = {19},
number = {2},
pages = {552--566},
month = mar
}

@article{Haller:2019cy,
author = {Haller, Benjamin C and Messer, Philipp W},
title = {{SLiM 3: forward genetic simulations beyond the Wright{\textendash}Fisher model}},
journal = {Molecular Biology and Evolution},
year = {2019},
volume = {36},
number = {3},
pages = {632--637},
month = mar
}

@article{Harris:2018bma,
author = {Harris, Rebecca B and Sackman, Andrew and Jensen, Jeffrey D},
title = {{On the unfounded enthusiasm for soft selective sweeps II: Examining recent evidence from humans, flies, and viruses.}},
journal = {PLoS Genetics},
year = {2018},
volume = {14},
number = {12},
pages = {e1007859},
month = dec
}


@article{Henn:2015ce,
author = {Henn, Brenna M and Botigu{\'e}, Laura R and Bustamante, Carlos D and Clark, Andrew G and Gravel, Simon},
title = {{Estimating the mutation load in human genomes.}},
journal = {Nature Reviews Genetics},
year = {2015},
volume = {16},
number = {6},
pages = {333--343},
month = jun
}

@article{Hermisson:2017hw,
author = {Hermisson, Joachim and Pennings, Pleuni S},
title = {{Soft sweeps and beyond: understanding the patterns and probabilities of selection footprints under rapid adaptation}},
journal = {Methods in Ecology and Evolution},
year = {2017},
volume = {8},
number = {6},
pages = {700--716},
month = jun
}

@article{Hernandez:2011dn,
author = {Hernandez, Ryan D and Kelley, Joanna L and Elyashiv, Eyal and Melton, S Cord and Auton, Adam and McVean, Gilean and {1000 Genomes Project} and Sella, Guy and Przeworski, Molly},
title = {{Classic selective sweeps were rare in recent human evolution.}},
journal = {Science},
year = {2011},
volume = {331},
number = {6019},
pages = {920--924},
month = feb
}

@article{Hoban:2012kc,
author = {Hoban, Sean and Bertorelle, Giorgio and Gaggiotti, Oscar E},
title = {{Computer simulations: tools for population and evolutionary genetics}},
journal = {Nature Reviews Genetics},
year = {2012},
month = jan
}

@article{Hill:2007gx,
author = {Hill, W G and Robertson, Alan},
title = {{The effect of linkage on limits to artificial selection.}},
journal = {Genetical Research},
year = {2007},
volume = {89},
number = {5-6},
pages = {311--336},
month = dec
}

@article{Huber:2015cl,
author = {Huber, Christian D and DeGiorgio, Michael and Hellmann, Ines and Nielsen, Rasmus},
title = {{Detecting recent selective sweeps while controlling for mutation rate and background selection}},
journal = {Molecular Ecology},
year = {2015},
volume = {25},
number = {1},
pages = {142--156},
month = sep
}

@article{Illingworth:2012en,
author = {Illingworth, Christopher J R and Parts, Leopold and Schiffels, Stephan and Liti, Gianni and Mustonen, Ville},
title = {{Quantifying selection acting on a complex trait using allele frequency time series data}},
journal = {Molecular Biology and Evolution},
year = {2012},
volume = {29},
number = {4},
pages = {1187--1197},
month = apr
}


@article{Jensen:2005ky,
author = {Jensen, Jeffrey D and Kim, Yuseob and DuMont, Vanessa Bauer and Aquadro, Charles F and Bustamante, Carlos D},
title = {{Distinguishing between selective sweeps and demography using DNA polymorphism data.}},
journal = {Genetics},
year = {2005},
volume = {170},
number = {3},
pages = {1401--1410},
month = jul
}

@article{Jensen:2007hw,
author = {Jensen, Jeffrey D and Wong, Alex and Aquadro, Charles F},
title = {{Approaches for identifying targets of positive selection.}},
journal = {Trends in Genetics},
year = {2007},
volume = {23},
number = {11},
pages = {568--577},
month = nov
}

@article{Jensen:2007jw,
author = {Jensen, Jeffrey D and Thornton, Kevin R and Bustamante, Carlos D and Aquadro, Charles F},
title = {{On the utility of linkage disequilibrium as a statistic for identifying targets of positive selection in nonequilibrium populations.}},
journal = {Genetics},
year = {2007},
volume = {176},
number = {4},
pages = {2371--2379},
month = aug
}

@article{Jensen:2008eo,
author = {Jensen, Jeffrey D and Thornton, Kevin R and Andolfatto, Peter},
title = {{An approximate bayesian estimator suggests strong, recurrent selective sweeps in \emph{Drosophila}}},
journal = {PLoS Genetics},
year = {2008},
volume = {4},
number = {9},
pages = {e1000198},
month = sep
}

@article{Johri:2020ee,
author = {Johri, Parul and Charlesworth, Brian and Jensen, Jeffrey D},
title = {{Toward an evolutionarily appropriate null model: jointly inferring demography and purifying selection.}},
journal = {Genetics},
year = {2020},
volume = {215},
number = {1},
pages = {173--192},
month = may
}

@article{Jorde:2007ej,
author = {Jorde, Per Erik and Ryman, Nils},
title = {{Unbiased estimator for genetic drift and effective population size}},
journal = {Genetics},
year = {2007},
volume = {177},
number = {2},
pages = {927--935},
month = oct
}

@article{Jost:2008cs,
author = {Jost, Lou },
title = {{GST and its relatives do not measure differentiation}},
journal = {Molecular Ecology},
year = {2008},
volume = {17},
number = {18},
pages = {4015--4026},
month = sep
}

@article{Jost:2009hn,
author = {Jost, Lou},
title = {{D vs. GST: Response to Heller and Siegismund (2009) and Ryman and Leimar (2009)}},
journal = {Molecular Ecology},
year = {2009},
volume = {18},
number = {10},
pages = {2088--2091},
month = may
}

@article{Kaplan:1989tm,
author = {Kaplan, N L and Hudson, R R and Langley, C H},
title = {{The "hitchhiking effect" revisited.}},
journal = {Genetics},
year = {1989},
volume = {123},
number = {4},
pages = {887--899},
month = dec
}

@article{Karasov:2010di,
author = {Karasov, Talia and Messer, Philipp W and Petrov, Dmitri A},
title = {{Evidence that adaptation in drosophila is not limited by mutation at single sites}},
journal = {PLoS Genetics},
year = {2010},
volume = {6},
number = {6},
pages = {e1000924},
month = jun
}

@article{Kelly:1997uja,
author = {Kelly, J K},
title = {{A test of neutrality based on interlocus associations.}},
journal = {Genetics},
year = {1997},
volume = {146},
number = {3},
pages = {1197--1206},
month = jul
}

@article{Kern:2018bj,
author = {Kern, Andrew D and Schrider, Daniel R},
title = {{diploS/HIC: an updated approach to classifying selective sweeps.}},
journal = {G3: Genes|Genomes|Genetics},
year = {2018},
volume = {8},
number = {6},
pages = {1959--1970},
month = may
}

@article{Khatri:2019fi,
author = {Khatri, Bhavin S and Burt, Austin},
title = {{Robust estimation of recent effective population size from number of independent origins in soft sweeps.}},
journal = {Molecular Biology and Evolution},
year = {2019},
volume = {36},
number = {9},
pages = {2040--2052},
month = sep
}

@article{Kim:2004ih,
author = {Kim, Yuseob and Nielsen, Rasmus},
title = {{Linkage disequilibrium as a signature of selective sweeps.}},
journal = {Genetics},
year = {2004},
volume = {167},
number = {3},
pages = {1513--1524},
month = jul
}

@article{Kofler:2014if,
author = {Kofler, Robert and Schl{\"o}tterer, Christian},
title = {{A guide for the design of evolve and resequencing studies.}},
journal = {Molecular Biology and Evolution},
year = {2014},
volume = {31},
number = {2},
pages = {474--483},
month = feb
}

@article{Kuhner:2009ex,
author = {Kuhner, Mary K},
title = {{Coalescent genealogy samplers: windows into population history.}},
journal = {Trends in Ecology and Evolution},
year = {2009},
volume = {24},
number = {2},
pages = {86--93},
month = feb
}

@article{Lange:2018fl,
author = {Lange, Jeremy D and Pool, John E},
title = {{Impacts of recurrent hitchhiking on divergence and demographic inference in Drosophila.}},
journal = {Genome Biology and Evolution},
year = {2018},
month = jul
}

@article{Laval:2019jo,
author = {Laval, Guillaume and Patin, Etienne and Boutillier, Pierre and Quintana-Murci, Lluis},
title = {{A genome-wide Approximate Bayesian Computation approach suggests only limited numbers of soft sweeps in humans over the last 100,000 years}},
journal = {bioRxiv},
year = {2019},
volume = {5},
pages = {2019.12.22.886234},
month = dec
}

@article{Li:2011kr,
author = {Li, H},
title = {{Improving SNP discovery by base alignment quality}},
journal = {Bioinformatics},
year = {2011},
volume = {27},
number = {8},
pages = {1157--1158},
month = apr
}

@article{Li:2012bh,
author = {Li, Junrui and Li, Haipeng and Jakobsson, Mattias and Li, Sen and Sj{\"o}din, Per and Lascoux, Martin},
title = {{Joint analysis of demography and selection in population genetics: where do we stand and where could we go?}},
journal = {Molecular Ecology},
year = {2012},
volume = {21},
number = {1},
pages = {28--44},
month = jan
}

@article{Lin:2011jv,
author = {Lin, Kao and Li, Haipeng and Schl{\"o}tterer, Christian and Futschik, Andreas},
title = {{Distinguishing positive selection from neutral evolution: boosting the performance of summary statistics}},
journal = {Genetics},
year = {2011},
volume = {187},
number = {1},
pages = {229--244},
month = jan
}

@article{Liu:2017ea,
author = {Liu, Haoxuan and Jia, Yanxiao and Sun, Xiaoguang and Tian, Dacheng and Hurst, Laurence D and Yang, Sihai},
title = {{Direct determination of the mutation rate in the bumblebee reveals evidence for weak recombination-associated mutation and an approximate rate constancy in insects}},
journal = {Molecular Biology and Evolution},
year = {2017},
volume = {34},
number = {1},
pages = {119--130},
month = jan
}


@article{Malaspinas:2012dv,
author = {Malaspinas, Anna-Sapfo and Malaspinas, Orestis and Evans, Steven N and Slatkin, Montgomery},
title = {{Estimating allele age and selection coefficient from time-serial data.}},
journal = {Genetics},
year = {2012},
volume = {192},
number = {2},
pages = {599--607},
month = oct
}

@article{Malaspinas:2015do,
author = {Malaspinas, Anna-Sapfo},
title = {{Methods to characterize selective sweeps using time serial samples: an ancient DNA perspective}},
journal = {Molecular Ecology},
year = {2015},
volume = {25},
number = {1},
pages = {24--41},
month = dec
}

@article{Marin:2012jh,
author = {Marin, Jean-Michel and Pudlo, Pierre and Robert, Christian P and Ryder, Robin J},
title = {{Approximate Bayesian computational methods}},
journal = {Statistics and Computing},
year = {2012},
volume = {22},
number = {6},
pages = {1167--1180}
}

@article{Mattila:2012hi,
author = {Mattila, Anniina L K and Duplouy, Anne and Kirjokangas, Malla and Lehtonen, Rainer and Rastas, Pasi and Hanski, Ilkka},
title = {{High genetic load in an old isolated butterfly population.}},
journal = {Proceedings of the National Academy of Sciences of the United States of America},
year = {2012},
volume = {109},
number = {37},
pages = {E2496--505},
month = sep
}



@article{McDonald:1991,
	title = {Adaptive protein evolution at the \textit{Adh} locus in \textit{Drosophila}},
	volume = {351},
	doi = {10.1038/351652a0},
	number = {6328},
	journal = {Nature},
	author = {McDonald, John H. and Kreitman, Martin},
	year = {1991},
	pages = {652--654},
}

@article{Smith:1974cy,
author = {Maynard Smith, J and Haigh, J},
title = {{The hitch-hiking effect of a favourable gene.}},
journal = {Genetical Research},
year = {1974},
volume = {23},
number = {1},
pages = {23--35},
month = feb
}

@article{Messer:2013kha,
author = {Messer, Philipp W and Petrov, Dmitri A},
title = {{Population genomics of rapid adaptation by soft selective sweeps.}},
journal = {Trends in Ecology and Evolution},
year = {2013},
volume = {28},
number = {11},
pages = {659--669},
month = nov
}

@article{Messer:2013ct,
author = {Messer, Philipp W},
title = {{SLiM: simulating evolution with selection and linkage.}},
journal = {Genetics},
year = {2013},
volume = {194},
number = {4},
pages = {1037--1039},
month = aug
}



@article{Messer:2013,
	title = {Frequent adaptation and the {McDonald}-{Kreitman} test},
	volume = {110},
	doi = {10.1073/pnas.1220835110},
	number = {21},
	journal = {Proceedings of the National Academy of Sciences},
	author = {Messer, Philipp W. and Petrov, Dmitri A.},
	year = {2013},
	pages = {8615--8620},
}

@article{DeMita:2012dx,
author = {De Mita, St{\'e}phane and Siol, Mathieu},
title = {{EggLib: processing, analysis and simulation tools for population genetics and genomics.}},
journal = {BMC Genetics},
year = {2012},
volume = {13},
pages = {27},
month = apr
}

@article{Mueller:1985ug,
author = {Mueller, L D and Barr, L G and Ayala, F J},
title = {{Natural selection vs. random drift: evidence from temporal variation in allele frequencies in nature.}},
journal = {Genetics},
year = {1985},
volume = {111},
number = {3},
pages = {517--554},
month = nov
}

@article{Navascues:2010in,
author = {Navascu{\'e}s, Miguel and Depaulis, Frantz and Emerson, Brent C},
title = {{Combining contemporary and ancient DNA in population genetic and phylogeographical studies.}},
journal = {Molecular Ecology Resources},
year = {2010},
volume = {10},
number = {5},
pages = {760--772},
month = sep
}

@article{Neher:2013ju,
author = {Neher, Richard A},
title = {{Genetic draft, selective interference, and population genetics of rapid adaptation}},
journal = {Annual Review of Ecology, Evolution, and Systematics},
year = {2013},
volume = {44},
number = {1},
pages = {195--215},
month = nov
}

@article{Nei:1979uk,
author = {Nei, M and Li, W H},
title = {{Mathematical model for studying genetic variation in terms of restriction endonucleases.}},
journal = {Proceedings of the National Academy of Sciences of the United States of America},
year = {1979},
volume = {76},
number = {10},
pages = {5269--5273},
month = oct
}

@article{Nei:1981vb,
author = {Nei, M and Tajima, F},
title = {{Genetic drift and estimation of effective population size.}},
journal = {Genetics},
year = {1981},
volume = {98},
number = {3},
pages = {625--640},
month = jul
}

@article{Nelson:2017cj,
author = {Nelson, Ronald M and Wallberg, Andreas and Sim{\~o}es, Zil{\'a} Luz Paulino and Lawson, Daniel J and Webster, Matthew T},
title = {{Genomewide analysis of admixture and adaptation in the Africanized honeybee.}},
journal = {Molecular Ecology},
year = {2017},
volume = {26},
number = {14},
pages = {3603--3617},
month = jul
}

@article{Nielsen:2005kx,
author = {Nielsen, Rasmus},
title = {{Molecular signatures of natural selection.}},
journal = {Annual Review of Genetics},
year = {2005},
volume = {39},
number = {1},
pages = {197--218}
}

@article{Nishino:2013if,
author = {Nishino, J},
title = {{Detecting selection using time-series data of allele frequencies with multiple independent reference loci}},
journal = {G3: Genes|Genomes|Genetics},
year = {2013},
volume = {3},
number = {12},
pages = {2151--2161},
month = dec
}

@article{Nomura:2012bp,
author = {Nomura, T and Takahashi, J},
title = {{Effective population size in eusocial Hymenoptera with worker-produced males.}},
journal = {Heredity},
year = {2012},
volume = {109},
number = {5},
pages = {261--268},
month = nov
}

@misc{OhioSupercomputerCenter1987,
ark = {ark:/19495/f5s1ph73},
url = {http://osc.edu/ark:/19495/f5s1ph73},
year  = {1987},
author = {Ohio Supercomputer Center},
title = {Ohio Supercomputer Center}
}

@article{Ormond:2016gy,
author = {Ormond, Louise and Foll, Matthieu and Ewing, Gregory B and Pfeifer, Susanne P and Jensen, Jeffrey D},
title = {{Inferring the age of a fixed beneficial allele.}},
journal = {Molecular Ecology},
year = {2016},
volume = {25},
number = {1},
pages = {157--169},
month = jan
}


@misc{Pavinato:2021,
  author       = {Pavinato, Vitor and De Mita, St{\'e}phane and Navascu{\'e}s, Miguel},
  title        = {Tracking-selection. doi:10.5281/zenodo.4599736},
  month        = mar,
  year         = 2021,
  publisher    = {Zenodo},
  version      = {v1.0.0},
  doi          = {10.5281/zenodo.4599736},
  url          = {https://doi.org/10.5281/zenodo.4599736}
}


@article{Pavlidis:2010bb,
author = {Pavlidis, Pavlos and Jensen, Jeffrey D and Stephan, Wolfgang},
title = {{Searching for footprints of positive selection in whole-genome SNP data from nonequilibrium populations.}},
journal = {Genetics},
year = {2010},
volume = {185},
number = {3},
pages = {907--922},
month = jul
}

@article{Plough:2016gw,
author = {Plough, Louis V},
title = {{Genetic load in marine animals: a review}},
journal = {Current Zoology},
year = {2016},
volume = {62},
number = {6},
pages = {567--579},
month = dec
}

@article{Pollak:1983vf,
author = {Pollak, E},
title = {{A new method for estimating the effective population size from allele frequency changes.}},
journal = {Genetics},
year = {1983},
volume = {104},
number = {3},
pages = {531--548},
month = jul
}

@article{Pool:2010eh,
author = {Pool, John E and Hellmann, Ines and Jensen, Jeffrey D and Nielsen, Rasmus},
title = {{Population genetic inference from genomic sequence variation.}},
journal = {Genome Research},
year = {2010},
volume = {20},
number = {3},
pages = {291--300},
month = mar
}

@article{Pudlo:2016il,
author = {Pudlo, Pierre and Marin, Jean-Michel and Estoup, Arnaud and Cornuet, Jean Marie and Gautier, Mathieu and Robert, Christian P},
title = {{Reliable ABC model choice via random forests.}},
journal = {Bioinformatics},
year = {2016},
volume = {32},
number = {6},
pages = {859--866},
month = mar
}

@article{Pybus:2015hj,
author = {Pybus, Marc and Luisi, Pierre and Dall'Olio, Giovanni Marco and Uzkudun, Manu and Laayouni, Hafid and Bertranpetit, Jaume and Engelken, Johannes},
title = {{Hierarchical boosting: a machine-learning framework to detect and classify hard selective sweeps in human populations}},
journal = {Bioinformatics},
year = {2015},
volume = {31},
number = {24},
pages = {3946--3952},
month = dec
}

@Manual{Rcore,
    title = {R: A Language and Environment for Statistical Computing},
    author = {{R Core Team}},
    organization = {R Foundation for Statistical Computing},
    address = {Vienna, Austria},
    year = {2020},
    url = {https://www.R-project.org/},
}

@article{Racimo:2016ea,
author = {Racimo, Fernando and Renaud, Gabriel and Slatkin, Montgomery},
title = {{Joint estimation of contamination, error and demography for nuclear DNA from ancient humans.}},
journal = {PLoS Genetics},
year = {2016},
volume = {12},
number = {4},
pages = {e1005972},
month = apr
}

@article{Raynal:2019jj,
author = {Raynal, Louis and Marin, Jean-Michel and Pudlo, Pierre and Ribatet, Mathieu and Robert, Christian P and Estoup, Arnaud},
title = {{ABC random forests for Bayesian parameter inference.}},
journal = {Bioinformatics},
year = {2019},
volume = {35},
number = {10},
pages = {1720--1728},
month = may
}

@article{Romiguier:2014dh,
author = {Romiguier, J and Lourenco, J and Gayral, P and Faivre, N and Weinert, L A and Ravel, S and Ballenghien, M and Cahais, V and Bernard, A and Loire, E and Keller, L and Galtier, N},
title = {{Population genomics of eusocial insects: the costs of a vertebrate-like effective population size.}},
journal = {Journal of Evolutionary Biology},
year = {2014},
volume = {27},
number = {3},
pages = {593--603},
month = mar
}

@article{Rego:2019ba,
author = {R{\^e}go, Alexandre and Messina, Frank J and Gompert, Zachariah},
title = {{Dynamics of genomic change during evolutionary rescue in the seed beetle Callosobruchus maculatus.}},
journal = {Molecular Ecology},
year = {2019},
volume = {28},
number = {9},
pages = {2136--2154},
month = may
}

@article{Ronen:2013jm,
author = {Ronen, Roy and Udpa, Nitin and Halperin, Eran and Bafna, Vineet},
title = {{Learning natural selection from the site frequency spectrum.}},
journal = {Genetics},
year = {2013},
volume = {195},
number = {1},
pages = {181--193},
month = sep
}

@article{Rousselle:2020ct,
author = {Rousselle, Marjolaine and Simion, Paul and Tilak, Marie-Ka and Figuet, Emeric and Nabholz, Benoit and Galtier, Nicolas},
title = {{Is adaptation limited by mutation? A timescale-dependent effect of genetic diversity on the adaptive substitution rate in animals}},
journal = {PLoS Genetics},
year = {2020},
volume = {16},
number = {4},
pages = {e1008668},
month = apr
}



@article{Roux:2016gm,
author = {Roux, Camille and Fra{\"\i}sse, Christelle and Romiguier, Jonathan and Anciaux, Yoann and Galtier, Nicolas and Bierne, Nicolas},
title = {{Shedding light on the grey zone of speciation along a continuum of genomic divergence}},
journal = {PLOS Biol},
year = {2016},
volume = {14},
number = {12},
pages = {e2000234--22},
month = dec
}

@article{Rozas:2001wc,
author = {Rozas, J and Gullaud, M and Blandin, G and Aguad{\'e}, M},
title = {{DNA variation at the rp49 gene region of Drosophila simulans: evolutionary inferences from an unusual haplotype structure.}},
journal = {Genetics},
year = {2001},
volume = {158},
number = {3},
pages = {1147--1155},
month = jul
}

@article{Sackman:2019bu,
author = {Sackman, Andrew M and Harris, Rebecca B and Jensen, Jeffrey D},
title = {{Inferring demography and selection in organisms characterized by skewed offspring distributions.}},
journal = {Genetics},
year = {2019},
volume = {211},
number = {3},
pages = {1019--1028},
month = mar
}

@article{Santiago:1995wx,
author = {Santiago, E and Caballero, A},
title = {{Effective size of populations under selection.}},
journal = {Genetics},
year = {1995},
volume = {139},
number = {2},
pages = {1013--1030},
month = feb
}

@article{Schraiber:2016ks,
author = {Schraiber, Joshua G and Evans, Steven N and Slatkin, Montgomery},
title = {{Bayesian inference of natural selection from allele frequency time series.}},
journal = {Genetics},
year = {2016},
volume = {203},
number = {1},
pages = {493--511},
month = may
}

@article{Schrider:2016hz,
author = {Schrider, Daniel R and Kern, Andrew D},
title = {{S/HIC: robust identification of soft and hard sweeps using machine learning.}},
journal = {PLoS Genetics},
year = {2016},
volume = {12},
number = {3},
pages = {e1005928},
month = mar
}


@article{Schrider:2020hka,
author = {Schrider, Daniel R},
title = {{Background selection does not mimic the patterns of genetic diversity produced by selective sweeps.}},
journal = {Genetics},
year = {2020},
volume = {216},
number = {2},
pages = {499--519},
month = oct
}

@article{Scheinfeldt:2013iz,
author = {Scheinfeldt, Laura B and Tishkoff, Sarah A},
title = {{Recent human adaptation: genomic approaches, interpretation and insights.}},
journal = {Nature Reviews Genetics},
year = {2013},
volume = {14},
number = {10},
pages = {692--702},
month = oct
}

@article{Schrider:2016gg,
author = {Schrider, Daniel R and Shanku, Alexander G and Kern, Andrew D},
title = {{Effects of linked selective sweeps on demographic inference and model selection.}},
journal = {Genetics},
year = {2016},
volume = {204},
number = {3},
pages = {1207--1223},
month = nov
}

@article{Schrider:2018ho,
author = {Schrider, Daniel R and Ayroles, Julien and Matute, Daniel R and Kern, Andrew D},
title = {{Supervised machine learning reveals introgressed loci in the genomes of \texttt{Drosophila simulans} and \texttt{D. sechellia}.}},
journal = {PLoS Genetics},
year = {2018},
volume = {14},
number = {4},
pages = {e1007341},
month = apr
}

@article{Schrider:2018ei,
author = {Schrider, Daniel R and Kern, Andrew D},
title = {{Supervised machine learning for population genetics: a new paradigm.}},
journal = {Trends in Genetics},
year = {2018},
volume = {34},
number = {4},
pages = {301--312},
month = apr
}

@article{Sella:2009hs,
author = {Sella, Guy and Petrov, Dmitri A and Przeworski, Molly and Andolfatto, Peter},
title = {{Pervasive natural selection in the Drosophila genome?}},
journal = {PLoS Genetics},
year = {2009},
volume = {5},
number = {6},
pages = {e1000495},
month = jun
}

@article{Sheehan:2016caa,
author = {Sheehan, Sara and Song, Yun S},
title = {{Deep learning for population genetic inference}},
journal = {PLoS Computational Biology},
year = {2016},
volume = {12},
number = {3},
pages = {e1004845},
month = mar
}

@article{Stephan:1992cx,
author = {Stephan, W and Wiehe, THE and Lenz, M W},
title = {{The effect of strongly selected substitutions on neutral polymorphism - analytical results based on diffusion-theory}},
journal = {Theoretical Population Biology},
year = {1992},
volume = {41},
number = {2},
pages = {237--254},
month = apr
}

@article{Skoglund:2014ci,
author = {Skoglund, Pontus and Sj{\"o}din, Per and Skoglund, Tobias and Lascoux, Martin and Jakobsson, Mattias},
title = {{Investigating population history using temporal genetic differentiation}},
journal = {Molecular Biology and Evolution},
year = {2014},
volume = {31},
number = {9},
pages = {2516--2527},
month = jun
}

@article{Tajima:1989un,
author = {Tajima, F},
title = {{Statistical method for testing the neutral mutation hypothesis by DNA polymorphism.}},
journal = {Genetics},
year = {1989},
volume = {123},
number = {3},
pages = {585--595},
month = nov
}

@article{Tallmon:2004jp,
author = {Tallmon, David A and Luikart, Gordon and Beaumont, Mark A},
title = {{Comparative evaluation of a new effective population size estimator based on Approximate Bayesian Computation}},
journal = {Genetics},
year = {2004},
volume = {167},
number = {2},
pages = {977--988},
month = jun
}

@article{Thornton:2007du,
author = {Thornton, Kevin R and Jensen, Jeffrey D},
title = {{Controlling the false-positive rate in multilocus genome scans for selection}},
journal = {Genetics},
year = {2007},
volume = {175},
number = {2},
pages = {737--750},
month = feb
}

@article{Terhorst:2015cg,
author = {Terhorst, Jonathan and Schl{\"o}tterer, Christian and Song, Yun S},
title = {{Multi-locus analysis of genomic time series data from experimental evolution.}},
journal = {PLoS Genetics},
year = {2015},
volume = {11},
number = {4},
pages = {e1005069},
month = apr
}

@article{Turner:2001dx,
author = {Turner, Thomas F and Salter, Laura A and Gold, John R},
title = {{Temporal-method estimates of N e from highly polymorphic loci}},
journal = {Conservation Genetics},
year = {2001},
volume = {2},
number = {4},
pages = {297--308},
month = dec
}

@article{Vitalis:2014ja,
author = {Vitalis, Renaud and Gautier, Mathieu and Dawson, Kevin J and Beaumont, Mark A},
title = {{Detecting and measuring selection from gene frequency data.}},
journal = {Genetics},
year = {2014},
volume = {196},
number = {3},
pages = {799--817},
month = mar
}

@article{Vitti:2013jp,
author = {Vitti, Joseph J and Grossman, Sharon R and Sabeti, Pardis C},
title = {{Detecting natural selection in genomic data.}},
journal = {Annual Review of Genetics},
year = {2013},
volume = {47},
number = {1},
pages = {97--120}
}

@article{Wang:2001jy,
author = {Wang, J},
title = {{A pseudo-likelihood method for estimating effective population size from temporally spaced samples.}},
journal = {Genetical Research},
year = {2001},
volume = {78},
number = {3},
pages = {243--257},
month = dec
}

@book{Walsh:2018tv,
author = {Walsh, Bruce and Lynch, Michael},
title = {{Evolution and selection of quantitative traits}},
publisher = {Oxford University Press},
year = {2018},
month = jun
}

@article{Waples:1989tv,
author = {Waples, R S},
title = {{A generalized approach for estimating effective population size from temporal changes in allele frequency.}},
journal = {Genetics},
year = {1989},
volume = {121},
number = {2},
pages = {379--391},
month = feb
}

@article{Watterson:1975bh,
author = {Watterson, G A},
title = {{On the number of segregating sites in genetical models without recombination}},
journal = {Theoretical Population Biology},
year = {1975},
volume = {7},
number = {2},
pages = {256--276},
month = apr
}

@article{Weir:1984dx,
author = {Weir, B S and Cockerham, C Clark},
title = {{Estimating F-Statistics for the analysis of population structure}},
journal = {Evolution},
year = {1984},
volume = {38},
number = {6},
pages = {1358},
month = nov
}

@article{Wiehe:1993cm,
author = {Wiehe, T H and Stephan, W},
title = {{Analysis of a genetic hitchhiking model, and its application to DNA polymorphism data from Drosophila melanogaster.}},
journal = {Molecular Biology and Evolution},
year = {1993},
volume = {10},
number = {4},
pages = {842--854},
month = jul
}

@article{Williams:2020gk,
author = {Williams, Kadie-Ann and Pennings, Pleuni},
title = {{Drug resistance evolution in HIV in the Late 1990s: hard sweeps, soft sweeps, clonal interference and the accumulation of drug resistance mutations}},
journal = {G3: Genes|Genomes|Genetics},
year = {2020},
volume = {10},
number = {4},
pages = {1213--1223},
month = apr
}


@article{Wright:1948bt,
author = {Wright, S},
title = {{On the roles of directed and random changes in gene frequency in the genetics of populations.}},
journal = {Evolution},
year = {1948},
volume = {2},
number = {4},
pages = {279--294},
month = dec
}

@article{Zayed:2004kg,
author = {Zayed, A},
title = {{Effective population size in Hymenoptera with complementary sex determination.}},
journal = {Heredity},
year = {2004},
volume = {93},
number = {6},
pages = {627--630},
month = dec
}
