/Users/vitorpavinato/Desktop/manuscript-Tracking-selection-MN/references.bib